@Misc{3,
author = {Azar Khalatbari},
title = {Métamatériaux: quand la houle contourne le port},
year = {2019},
howpublished = "\url = {$https://www.sciencesetavenir.fr/fondamental/metamateriaux-quand-la-houle-contourne-le-port_133017$}",
OPTkey = {•},
OPTkey = {•},
OPTauthor = {•},
OPTtitle = {•},
OPThowpublished = {•},
OPTmonth = {•},
OPTyear = {•},
OPTnote = {•},
OPTannote = {•}
}
@Misc{Nebil,
author = {Nebil Kristou},
title = {Étude et conception de métamatériaux accordables pour
la miniaturisation d’antennes aux fréquences
micro-ondes},
year = {2018},
howpublished = "\url = {https://hal.archives-ouvertes.fr/tel-01828416/file/KRISTOU_Nebil.pdf}",
OPTkey = {•},
OPTauthor = {•},
OPTtitle = {•},
OPThowpublished = {•},
OPTmonth = {•},
OPTyear = {•},
OPTnote = {•},
OPTannote = {•}
}

@Misc{Fan2017,
author = {Yulong Fan},
title = {Applications des métamatériaux en optique guidée},
year = {2017},
howpublished = "\url = {https://tel.archives-ouvertes.fr/tel-01535737/document}",
OPTkey = {•},
OPTauthor = {•},
OPTtitle = {•},
OPThowpublished = {•},
OPTmonth = {•},
OPTyear = {•},
OPTnote = {•},
OPTannote = {•}
}
@Misc{Kock,
author = {Winston E Kock},
title = {Sound Waves \& Light Waves the Fundamenta},
year = {1965},
howpublished = "\url = {https://www.amazon.com/Sound-Waves-Light-Fundamenta/dp/B004UPFQY6}",
OPTkey = {•},
OPTauthor = {•},
OPTtitle = {•},
OPThowpublished = {•},
OPTmonth = {•},
OPTyear = {•},
OPTnote = {•},
OPTannote = {•}
}
@Misc{Thakur,
author = {Vikrant Thakur AND Dhruva Chaudhary},
title = {Metamaterials: A Leading Edge of Science and
Technology},
year = {2014},
howpublished = "\url = {https://research.ijcaonline.org/volume98/number9/pxc3897441.pdf}",
OPTkey = {•},
OPTauthor = {•},
OPTtitle = {•},
OPThowpublished = {•},
OPTmonth = {•},
OPTyear = {•},
OPTnote = {•},
OPTannote = {•}
}
@Misc{Veselago,
author = {S A Akhmanov AND F V Bunkin AND Viktor G Veselago AND L I Gudzenko AND Yu A Kravtsov AND M L Levin AND Immanuil L Fabelinskiĭ AND R V Khokhlov},
title = {SERGEĬ MIKHAĬLOVICH RYTOV (in Honor of his 60th Birthday)},
year = {1969},
howpublished = "\url = {https://iopscience.iop.org/article/10.1070/PU1969v011n06ABEH003783}",
OPTkey = {•},
OPTauthor = {•},
OPTtitle = {•},
OPThowpublished = {•},
OPTmonth = {•},
OPTyear = {•},
OPTnote = {•},
OPTannote = {•}
}

@misc{Goudet2007,
author = {Jean-Luc Goudet},
title = {Les premières super lentilles sont au point!},
year = {2007},
journal = {Futura science},
howpublished = "\url = {https://www.futura-sciences.com/sciences/actualites/physique-premieres-super-lentilles-sont-point-10568/}",
OPTkey = {•},
OPTauthor = {•},
OPTtitle = {•},
OPThowpublished = {•},
OPTmonth = {•},
OPTyear = {•},
OPTnote = {•},
OPTannote = {•}
}
@Misc{Duke,
author = {John Pendry AND David R. Smith},
title = {Theoretical Blueprint For Invisibility Cloak Reported},
year = {2006},
howpublished = "\url = {https://www.sciencedaily.com/releases/2006/05/060525193729.htm}",
OPTkey = {•},
OPTauthor = {•},
OPTtitle = {•},
OPThowpublished = {•},
OPTmonth = {•},
OPTyear = {•},
OPTnote = {•},
OPTannote = {•}
}
@Misc{DeLustrac,
author = {André DE LUSTRAC},
title = {Métamatériaux
électromagnétiques et
optiques},
year = {2016},
howpublished = "\url = {https://www.techniques-ingenieur.fr/base-documentaire/sciences-fondamentales-th8/optique-physique-42528210/metamateriaux-electromagnetiques-et-optiques-af3713/}",
OPTkey = {•},
OPTauthor = {•},
OPTtitle = {•},
OPThowpublished = {•},
OPTmonth = {•},
OPTyear = {•},
OPTnote = {•},
OPTannote = {•}
}
@Misc{Raffy,
author = {Simon Raffy},
title = {Synthèse de métamatériaux acoustiques par voie
microfluidique},
year = {2016},
howpublished = "\url = {https://tel.archives-ouvertes.fr/tel-01194825/document}",
OPTkey = {•},
OPTauthor = {•},
OPTtitle = {•},
OPThowpublished = {•},
OPTmonth = {•},
OPTyear = {•},
OPTnote = {•},
OPTannote = {•}
}
@Misc{Lee,
author = {Sam Hyeon Lee},
title = {Reversed Doppler effect in double negative metamaterials},
year = {2010},
howpublished = "\url = {https://journals.aps.org/prb/abstract/10.1103/PhysRevB.81.241102}",
OPTkey = {•},
OPTauthor = {•},
OPTtitle = {•},
OPThowpublished = {•},
OPTmonth = {•},
OPTyear = {•},
OPTnote = {•},
OPTannote = {•}
}
@Misc{1,
author = {S Brûlé AND E. H. Javelaud AND S. Enoch AND S. Guenneau},
title = {Experiments on Seismic Metamaterials: Molding Surface Waves},
year = {2014},
howpublished = "\url = {https://journals.aps.org/prl/pdf/10.1103/PhysRevLett.112.133901}",
OPTkey = {•},
OPTauthor = {•},
OPTtitle = {•},
OPThowpublished = {•},
OPTmonth = {•},
OPTyear = {•},
OPTnote = {•},
OPTannote = {•}
}
@Misc{2,
author = {S Brûlé AND S. Enoch AND S. Guenneau},
title = {Métamatériaux sismiques ou l’invisibilité réinventée:
Perspectives de barrières anti-vibratiles innovantes },
year = {2016},
howpublished = "\url = {http://www.cfms-sols.org/sites/default/files/seance-20160405/05---Guenneau-Sebastien---FRESNEL.pdf}",
OPTkey = {•},
OPTauthor = {•},
OPTtitle = {•},
OPThowpublished = {•},
OPTmonth = {•},
OPTyear = {•},
OPTnote = {•},
OPTannote = {•}
}
